% Encoding: UTF-8

@Book{teste11234,
  address   = {4},
  author    = {teste1},
  editor    = {teste2},
  publisher = {teste5},
  title     = {teste3 teste4},
  year      = {1234},
  month     = aug,
  number    = {2},
  series    = {3},
  volume    = {1},
}

@Comment{jabref-meta: databaseType:bibtex;}
