% Encoding: UTF-8

@Article{Chambers2014,
  author           = {John M. Chambers},
  journal          = {Statistical Science},
  title            = {{Object-Oriented Programming, Functional Programming and R}},
  year             = {2014},
  month            = may,
  number           = {2},
  volume           = {29},
  creationdate     = {2021-08-31T07:45:33},
  doi              = {10.1214/13-sts452},
  file             = {:DOCs/Object-Oriented Programming, Functional Programming and R.pdf:PDF},
  modificationdate = {2021-08-31T08:06:32},
  owner            = {Joao Vitor Fernandes Dias},
  publisher        = {Institute of Mathematical Statistics},
}
{Hwang1997,
	author			={Cheng-Tsung Hwang and Hsiao-Chien Weng and Yu-Chin Hsu and Mike Tien-Chien Lee},
	booktitle		={Proceedings of ASP-DAC '97: Asia and South Pacific Design Automation Conference}, 
	title			={On the control-subroutine implementation of subprogram synthesis}, 
	year			={1997},
	volume			={},
	number			={},
	page			s={587-592},
	doi				={10.1109/ASPDAC.1997.600340}
	url              = {https://ieeexplore.ieee.org/document/600340},
}

@Article{Eglen2009,
  author           = {Stephen J. Eglen},
  journal          = {{PLoS} Computational Biology},
  title            = {{A Quick Guide to Teaching R Programming to Computational Biology Students}},
  year             = {2009},
  month            = aug,
  number           = {8},
  pages            = {e1000482},
  volume           = {5},
  creationdate     = {2021-08-31T07:49:10},
  doi              = {10.1371/journal.pcbi.1000482},
  editor           = {Fran Lewitter},
  file             = {:DOCs/A_quick_guide_to_teaching_R_pr.PDF:PDF},
  modificationdate = {2021-08-31T08:09:17},
  owner            = {Joao Vitor Fernandes Dias},
  publisher        = {Public Library of Science ({PLoS})},
}

@Book{Kabacoff2015,
  author           = {Kabacoff, Robert},
  editor           = {Jennifer Stout},
  publisher        = {Manning},
  title            = {{R in Action}},
  year             = {2015},
  address          = {Special Sales Department, Manning Publications Co., 20 Baldwin Road, PO Box 761, Shelter Island, NY 11964},
  isbn             = {1617291382},
  month            = jun,
  creationdate     = {2021-08-31T09:38:41},
  ean              = {9781617291388},
  file             = {:DOCs/R_in_Action.pdf:PDF},
  modificationdate = {2021-08-31T09:40:34},
  owner            = {João Vítor Fernandes Dias},
  pagetotal        = {608},
  subtitle         = {Data analysis and graphics with R},
  url              = {https://www.ebook.de/de/product/20661820/robert_kabacoff_r_in_action.html},
}

@Book{HadleyWickham2017,
  author           = {Hadley Wickham, Garrett Grolemund},
  publisher        = {O'Reilly UK Ltd.},
  title            = {{R for Data Science}},
  year             = {2017},
  isbn             = {1491910399},
  month            = jan,
  creationdate     = {2021-08-31T12:24:11},
  ean              = {9781491910399},
  file             = {:DOCs/R for Data Science- Import, Tidy, Transform, Visualize, and Model Data.pdf:PDF},
  modificationdate = {2021-08-31T12:24:17},
  owner            = {João Vítor Fernandes Dias},
  url              = {https://www.ebook.de/de/product/23900484/hadley_wickham_garrett_grolemund_r_for_data_science.html},
}

@Article{Hoeks2021,
  author           = {Selwyn Hoeks and Marlee A. Tucker and Mark A. J. Huijbregts and Mike B. J. Harfoot and Mike Bithell and Luca Santini},
  journal          = {Global Ecology and Biogeography},
  title            = {{MadingleyR}: An R package for mechanistic ecosystem modelling},
  year             = {2021},
  month            = {jul},
  number           = {9},
  pages            = {1922--1933},
  volume           = {30},
  creationdate     = {2021-08-31T15:51:08},
  doi              = {10.1111/geb.13354},
  editor           = {Amanda Bates},
  file             = {:DOCs/2021 MadingleyR.pdf:PDF},
  modificationdate = {2021-08-31T15:51:08},
  owner            = {João Vítor Fernandes Dias},
  publisher        = {Wiley},
}

@Misc{Overflow2019,
  author       = {Stack Overflow},
  title        = {Developer Survey Results 2019},
  year         = {2019},
  comment      = {Acessado em: 28/11/2021},
  language     = {Inglês},
  organization = {Stack Overflow},
  timestamp    = {2021-11-28},
  url          = {https://insights.stackoverflow.com/survey/2019},
}

@Misc{Gregor2018,
  author       = {Milos Gregor},
  month        = may,
  title        = {Powered By R},
  year         = {2018},
  comment      = {Acessado em: 28/11/2021},
  day          = {15},
  language     = {Inglês},
  organization = {Stagraph},
  timestamp    = {2021-11-28},
  url          = {https://stagraph.com/Post?Id=31&Title=Powered By R},
}

@Misc{Smith2021,
  author    = {Martin R. Smith},
  month     = oct,
  title     = {Create Ternary Plots in R},
  year      = {2021},
  comment   = {Acesso em: 29/11/2021},
  day       = {8},
  file      = {:Códigos/2-Programas Gráficos/rgb triangle.r:r},
  language  = {Inglês},
  timestamp = {2021-11-29},
  url       = {https://cran.r-project.org/web/packages/Ternary/vignettes/Ternary.html},
}

@Misc{Yan2018,
  author    = {Holtz Yan},
  title     = {Line chart with R and ggplot2},
  year      = {2018},
  comment   = {Acesso em: 29/11/2021},
  file      = {:Códigos/2-Programas Gráficos/random generated line plot.r:r},
  language  = {Inglês},
  timestamp = {2021-11-29},
  url       = {https://www.r-graph-gallery.com/line-chart-ggplot2.html},
}

@Misc{Team2021,
  author    = {The R Core Team},
  month     = nov,
  title     = {R: A Language and Environment for Statistical Computing},
  year      = {2021},
  day       = {1},
  edition   = {4.1.2},
  file      = {:DOCs/Parte 2/fullrefman.pdf:PDF},
  language  = {Inglês},
  timestamp = {2021-11-30},
  url       = {https://cran.r-project.org/doc/manuals/r-release/fullrefman.pdf},
}

@Misc{Venables2021,
  author    = {W. N. Venables, D. M. Smithand, R Core Team},
  month     = nov,
  title     = {An Introduction to R},
  year      = {2021},
  day       = {1},
  edition   = {4.1.2},
  file      = {:DOCs/Parte 2/R-intro.pdf:PDF},
  language  = {Inglês},
  timestamp = {2021-11-30},
  url       = {https://cran.r-project.org/doc/manuals/r-release/R-intro.pdf},
}

@Misc{Team2021a,
  author    = {R Core Team},
  month     = nov,
  title     = {R Internals},
  year      = {2021},
  day       = {1},
  edition   = {4.1.2},
  file      = {:DOCs/Parte 2/R-ints.pdf:PDF},
  language  = {Inglês},
  timestamp = {2021-11-30},
  url       = {https://cran.r-project.org/doc/manuals/r-release/R-ints.pdf},
}

@Misc{Team2021b,
  author    = {R Core Team},
  month     = nov,
  title     = {R Language Definition},
  year      = {2021},
  day       = {1},
  file      = {:DOCs/Parte 2/R-lang.pdf:PDF},
  language  = {Inglês},
  timestamp = {2021-11-30},
  url       = {https://cran.r-project.org/doc/manuals/r-release/R-lang.pdf},
}

@Comment{jabref-meta: databaseType:bibtex;}

@Comment{jabref-meta: fileDirectoryLatex-ribei-PCANTONIO:E:\\Paradigmas\\MiKTeX\\tex;}
