% Encoding: windows-1252

@Article{CastroVera2012,
  author    = {Ausberto S. {Castro~Vera}},
  title     = {Engenharia de Requisitos e Seguran{\c{c}}a: uma metodologia orientanda a aspectos},
  journal   = {Relat\´{o}rio de Pesquisa - N\~{a}o Publicado},
  year      = {2012},
  owner     = {Ausberto S. Castro Vera},
  quality   = {1},
  timestamp = {2013.01.14},
}

@Book{Stallings2018,
  title     = {Computer Security - Principles and Practice},
  publisher = {Pearson Education},
  year      = {2018},
  author    = {William Stallings and Lawrie Brown},
  address   = {Upper Saddle River, New Jersey},
  edition   = {Fourth},
  isbn      = {9780134794105},
  owner     = {Prof. Ausberto S. Castro Vera - UENF},
  timestamp = {28-04-2019},
}

@Book{Kim2014,
  title     = {Fundamentos de Seguran{\c{c}}a de Sistemas de Informa{\c{c}}{\~a}o},
  publisher = {GEN LTC},
  year      = {2014},
  author    = {David Kim and Michael G.Solomon},
  address   = {Rio de Janeiro},
  edition   = {1},
  isbn      = {978-85-216-2507-0},
  owner     = {Prof. Ausberto S. Castro Vera - UENF},
  timestamp = {28-04-2019},
}

@Book{Jacobs2016,
  title     = {Engineering information security : the application of systems engineering concepts to achieve information assurance},
  publisher = {IEEE Press Wiley},
  year      = {2016},
  author    = {Jacobs, Stuart},
  address   = {Piscataway, NJ Hoboken, N.J},
  edition   = {2},
  month     = dec,
  isbn      = {978-1119101604},
  note      = {784 pages},
  owner     = {Prof. Ausberto S. Castro Vera - UENF},
  timestamp = {28-04-2019},
}

@Book{elenkov2014,
  title     = {Android Security Internals : an In-Depth Guide to Android's Security Architecture},
  publisher = {No Starch Press},
  year      = {2014},
  author    = {Elenkov, Nikolay},
  address   = {San Francisco},
  isbn      = {978-1593275815},
  owner     = {Prof. Ausberto S. Castro Vera - UENF},
  timestamp = {28-04-2019},
}

@Book{drake2014,
  title     = {Android hacker's handbook},
  publisher = {Wiley},
  year      = {2014},
  author    = {Drake, Joshua},
  address   = {Indianapolis, IN},
  isbn      = {978-1118608647},
  owner     = {Prof. Ausberto S. Castro Vera - UENF},
  timestamp = {28-04-2019},
}

@Book{kotipalli2016,
  title     = {Hacking Android : explore every nook and cranny of the Android OS to modify your device and guard it against security threats},
  publisher = {Packt Publishing},
  year      = {2016},
  author    = {Kotipalli, Srinivasa},
  address   = {Birmingham, UK},
  isbn      = {978-1785883149},
  owner     = {Prof. Ausberto S. Castro Vera - UENF},
  timestamp = {28-04-2019},
}

@Book{Bishop2019,
  title     = {Computer security : art and science},
  publisher = {Addison-Wesley Pearson},
  year      = {2019},
  author    = {Bishop, Matt},
  address   = {Boston},
  edition   = {2},
  month     = dec,
  isbn      = {978-0321712332},
  owner     = {Prof. Ausberto S. Castro Vera - UENF},
  timestamp = {28-04-2019},
}

@Book{Easttom2016,
  title     = {Computer security fundamentals},
  publisher = {Pearson},
  year      = {2016},
  author    = {Easttom, Chuck},
  address   = {Indianapolis, Indiana},
  isbn      = {978-0789757463},
  owner     = {Prof. Ausberto S. Castro Vera - UENF},
  timestamp = {28-04-2019},
}

@Comment{jabref-meta: databaseType:bibtex;}
