% Encoding: windows-1252

@Book{Bassanezi2015,
  title     = {Modelagem Matem{\'a}tica - teoria e pr{\'a}tica},
  publisher = {Editora Contexto},
  year      = {2015},
  author    = {Rodney Carlos Bassanezi},
  address   = {S{\~a}o Paulo, SP},
  edition   = {1},
  isbn      = {978-85-7244-893-2},
  owner     = {Prof. Ausberto S. Castro Vera - UENF},
  timestamp = {15-09-2019},
}

@Book{Bassanezi2002,
  title     = {Ensino-aprendizagem com Modelagem Matem{\'a}tica : uma nova estrat{\'e}gia},
  publisher = {Editora Contexto},
  year      = {2002},
  author    = {Rodney Carlos Bassanezi},
  address   = {S{\~a}o Paulo, SP},
  edition   = {1},
  isbn      = {978-85-7244-207-3},
  owner     = {Prof. Ausberto S. Castro Vera - UENF},
  timestamp = {15-09-2019},
}

@Book{Diaz2015,
  title     = {Estrategias de Ensino-aprendizagem},
  publisher = {Editora Vozes},
  year      = {2015},
  author    = {Juan Diaz Bordenave and Adair Martins Pereira},
  address   = {Petropolis, RJ},
  edition   = {33},
  isbn      = {978-85-326-0154-4},
}

@Book{Birriel2017,
  title     = {TCC para Ci{\^e}ncias Exatas : Trabalho de Conclus{\~a}o de Curso com Exemplos Pr{\'a}ticos},
  publisher = {LTC},
  year      = {2017},
  author    = {Eliena Jonko Birriel and Anna Cecilia Silva Arruda},
  address   = {Rio de Janeiro},
  edition   = {1},
  isbn      = {978-85-216-3243-6},
  keywords  = {Pesquisa Metodologia Reda{\c{c}}{\~a}o t{\'e}cnica},
}

@Book{Goncalves2003,
  title     = {{Manual de Projetos de Pesquisa Cient{\'\i}fica}},
  publisher = {Avercamp Editora},
  year      = {2003},
  author    = {{Hort{\^e}ncia de Abreu Gon\c{c}alves}},
  address   = {S{\~a}o Paulo},
  edition   = {1},
  isbn      = {85-89311-06-6},
  keywords  = {Pesquisa Ci{\^e}ncia Metodologia},
}

@Manual{NBR10520,
  title         = {{NBR} 10520},
  organization  = {{Associa{\c{c}}{\~a}o Brasileira de Normas T{\'e}cnicas}},
  address       = {{Rio de Janeiro, RJ}},
  month         = {ago.},
  year          = {2002},
  date-added    = {2012-12-15 21:43:38 +0000},
  date-modified = {2013-01-12 22:17:20 +0000},
  org-short     = {ABNT},
  pages         = {7},
  subtitle      = {Informa{\c{c}}{\~a}o e documenta{\c{c}}{\~a}o --- Apresenta{\c{c}}{\~a}o de cita{\c{c}}{\~o}es em documentos},
}

@Manual{NBR14724,
  title         = {{ABNT NBR} 14724:2011},
  organization  = {{Associa{\c{c}}{\~a}o Brasileira de Normas T{\'e}cnicas}},
  address       = {{Rio de Janeiro, RJ}},
  month         = mar,
  year          = {2011},
  date-added    = {2013-03-18 14:19:32 +0000},
  date-modified = {2013-03-18 14:20:15 +0000},
  org-short     = {ABNT},
  pages         = {15},
  subtitle      = {Informa{\c{c}}{\~a}o e documenta{\c{c}}{\~a}o --- Trabalhos acad\^emicos --- Apresenta{\c{c}}{\~a}o},
}

@manual{NBR6024,
	Address = {Rio de Janeiro},
	Date-Added = {2013-03-18 13:32:00 +0000},
	Date-Modified = {2013-03-18 13:33:17 +0000},
	Month = feb,
	Org-Short = {ABNT},
	Organization = {Associa{\c{c}}{\~a}o Brasileira de Normas T{\'e}cnicas},
	Pages = 4,
	Subtitle = {Informa{\c{c}}\~ao e Documenta{\c{c}}\~ao - Numera{\c{c}}\~ao progressiva das se{\c{c}}\~oes de um documento - Apresenta{\c{c}}\~ao},
	Title = {{ABNT NBR} 6024: 2012},
	Year = 2012}

@manual{abntex2classe,
    author={Lauro C{\'e}sar Araujo},
    organization={Equipe abnTeX2},
    title={A classe abntex2: Modelo can{\^o}nico de trabalhos acad{\^e}micos brasileiros compat{\'{i}}vel com as normas ABNT NBR 14724:2011, ABNT NBR
    6024:2012 e outras},
    url={http://www.abntex.net.br/},
    year={2015}
}

@manual{abntex2cite,
    author={Lauro C{\'e}sar Araujo},
    organization={Equipe abnTeX2},
    title={O pacote abntex2cite: Estilos bibliogr\'{a}ficos compat{\'{i}}veis com a ABNT NBR 6023},
    url={http://www.abntex.net.br/},
    year={2015}
}

@Misc{wikiGeo2018,
  author = {Wikip{\'e}dia},
  title  = {Geometria --- Wikip{\'e}dia{,} a enciclop{\'e}dia livre},
  year   = {2018},
  note   = {[Online; accessed 8-junho-2018]},
  url    = {https://pt.wikipedia.org/w/index.php?title=Geometria&oldid=52301445},
}

@Misc{wikiAlg2018,
  author = {Wikip{\'e}dia},
  title  = {{\'A}lgebra --- Wikip{\'e}dia{,} a enciclop{\'e}dia livre},
  year   = {2018},
  note   = {[Online; accessed 9-agosto-2018]},
  url    = {https://pt.wikipedia.org/w/index.php?title=%C3%81lgebra&oldid=52872434},
}

@article{wombat2016,
	author   = {Walther Wombat and Klaus Koala},
	title    = {The true meaning of 42},
	journal  = {Journal of modern skepticism},
	date     = {2016},
	keywords = {trusted},
}

@book{lion2010,
	author       = {Laura Lion and  Gabrielle Giraffe and Carl Capybara},
	title        = {The dangers of asking the wrong question},
	publisher    = {publishing house},
	date         = {2010},
	keywords     = {trusted},
}

@online{wikibook,
	title        = {Generating Bibliographies with biblatex and biber},
	organization = {Wikibooks},
	date         = {2016},
	urldate      = {2016-03-07},
	url          = {https://en.wikibooks.org/wiki/LaTeX/Generating_Bibliographies_with_biblatex_and_biber},
	keywords     = {untrusted},
}

@Article{Barbosa2001,
  author    = {Barbosa, Jonei Cerqueira},
  title     = {Modelagem na Educa{\c{c}}{\~a}o Matem{\'a}tica: contribui{\c{c}}{\~o}es para o debate te{\'o}rico},
  journal   = {Reuni{\~a}o anual da ANPED},
  year      = {2001},
  volume    = {24},
  number    = {7},
  pages     = {1--15},
  owner     = {Prof. Ausberto S. Castro Vera - UENF},
  timestamp = {15-09-2019},
}

@Article{Fiorentini1995,
  author    = {Fiorentini, Dario},
  title     = {Alguns modos de ver e conceber o ensino da matem{\'a}tica no Brasil},
  journal   = {Zetetik{\'e}},
  year      = {1995},
  volume    = {3},
  number    = {1},
  owner     = {Prof. Ausberto S. Castro Vera - UENF},
  timestamp = {15-09-2019},
}

@Book{Nolan2016,
  title     = {Making sense of mathematics for teaching},
  publisher = {Solution Tree Press},
  year      = {2016},
  author    = {Nolan, Edward},
  address   = {Bloomington, IN},
  isbn      = {978-1942496458},
  owner     = {Prof. Ausberto S. Castro Vera - UENF},
  timestamp = {15-09-2019},
}

@Book{Guidorizzi2019,
  address   = {{Rio de Janeiro, RJ}},
  author    = {Hamilton Luiz Guidorizzi},
  edition   = {6},
  publisher = {{LTC}},
  title     = {{Un Curso de C{\'A}LCULO}},
  year      = {2019},
  isbn      = {978-85-216-3543-7},
  volume    = {1},
  owner     = {Prof. Ausberto S. Castro Vera - UENF},
  timestamp = {31-03-2020},
}

@Book{Yang2015,
  address   = {{London, UK}},
  author    = {Yang, Xin-She},
  publisher = {{World Scientific Publishing Co.}},
  title     = {Introduction to Computational Mathematics},
  year      = {2015},
  isbn      = {9814635782},
  month     = nov,
  ean       = {9789814635783},
  owner     = {Prof. Ausberto S. Castro Vera - UENF},
  pagetotal = {342},
  timestamp = {30-03-2021},
  url       = {https://www.ebook.de/de/product/23550685/xin_she_yang_introduction_to_computational_mathematics.html},
}

@Comment{jabref-meta: databaseType:bibtex;}
