@INPROCEEDINGS{600340,
  author={Cheng-Tsung Hwang and Hsiao-Chien Weng and Yu-Chin Hsu and Mike Tien-Chien Lee},
  booktitle={Proceedings of ASP-DAC '97: Asia and South Pacific Design Automation Conference}, 
  title={On the control-subroutine implementation of subprogram synthesis}, 
  year={1997},
  volume={},
  number={},
  pages={587-592},
  doi={10.1109/ASPDAC.1997.600340}}
