% Encoding: windows-1252

@Book{roy04,
  Title                    = {Concepts, Techniques and Models of Computer Programming},
  Author                   = {Peter Van Roy and Seif Haridi},
  Publisher                = {The MIT Press},
  Year                     = {2004},
  Address                  = {Cambridge},
  Owner                    = {Prof. Ausberto S. Castro V.},
  Timestamp                = {21.04.2013}
}

@Book{Sebesta2018,
  title     = {Conceitos de Linguagens de Programa{\c{c}}{\~a}o},
  publisher = {Bookman},
  year      = {2018},
  author    = {Robert W. Sebesta},
  address   = {Porto Alegre},
  edition   = {11},
  isbn      = {9780133943023},
  owner     = {Prof. Ausberto S. Castro V.},
  timestamp = {21.04.2013},
}

@Book{Sprankle2012,
  Title                    = {Problem solving and programming concepts},
  Author                   = {Maureen Sprankle and Jim Hubbard},
  Publisher                = {Pearson Education, Inc.},
  Year                     = {2012},
  Edition                  = {9},
  Owner                    = {Prof. Ausberto S. Castro V.},
  Timestamp                = {13.03.2016}
}

@Book{wat90,
  Title                    = {Programming Language Concepts and Paradigms},
  Author                   = {David Anthony Watt},
  Publisher                = {Prentice Hall International},
  Year                     = {1990},
  Address                  = {London},
  Owner                    = {Prof. Ausberto S. Castro V.},
  Timestamp                = {21.04.2013}
}

@Book{Cotton2013,
  title     = {Learning R},
  publisher = {O'Reilly},
  year      = {2013},
  author    = {Cotton, Richard},
  address   = {Beijing Sebastopol, CA},
  isbn      = {978-1449357108},
  owner     = {Prof. Ausberto S. Castro Vera - UENF},
  timestamp = {29-11-2018},
}

@Book{Kabacoff2015,
  title     = {R in action : data analysis and graphics with R},
  publisher = {Manning},
  year      = {2015},
  author    = {Kabacoff, Robert},
  address   = {Shelter Island},
  isbn      = {978-1617291388},
  owner     = {Prof. Ausberto S. Castro Vera - UENF},
  timestamp = {29-11-2018},
}

@Book{Lander2014,
  title     = {R for Everyone : Advanced Analytics and Graphics},
  publisher = {Addison-Wesley},
  year      = {2014},
  author    = {Lander, Jared},
  address   = {Upper Saddle River, New Jersey},
  isbn      = {978-0321888037},
  owner     = {Prof. Ausberto S. Castro Vera - UENF},
  timestamp = {29-11-2018},
}

@Book{Wickham2016,
  title     = {R for data science : import, tidy, transform, visualize, and model data},
  publisher = {O'Reilly Media},
  year      = {2016},
  author    = {Wickham, Hadley},
  address   = {Sebastopol, CA},
  isbn      = {978-1491910399},
  owner     = {Prof. Ausberto S. Castro Vera - UENF},
  timestamp = {29-11-2018},
}

@Comment{jabref-meta: databaseType:bibtex;}
